% BibTeX bibliography file for GMIN

@ARTICLE{TottonMK10,
author  = {T. S. Totton and A. J. Misquitta and M. Kraft},
title   = {A First Principles Development of a General Anisotropic Potential for Polyaromatic Aromatic Hydrocarbons},
journal = {J. Chem. Theory Comput.},
year    = {2010},
volume  = {6},
pages   = {683-695}
}

@ARTICLE{ChakrabartiFW09,
author  = {D. Chakrabarti and S. N. Fejer and D. J. Wales},
title   = {Rational design of helical architectures},
journal = {Proc. Natl. Acad. Sci. USA},
year    = {2009},
volume  = {106},
pages   = {20164-20167}
}

@ARTICLE{ParamonovY05,
author  = {L. Paramonov and S. N. Yaliraki},
title   = {The directional contact distance of two ellipsoids: Coarse-grained potentials for anisotropic interactions},
journal = {J. Chem. Phys.},
year    = {2005},
volume  = {123},
pages   = {194111}
}

@ARTICLE{Wales05,
author    = {D. J. Wales},
title     = {The energy landscape as a unifying theme in molecular science},
journal   = {Phil. Trans. R. Soc. A},
year      = {2005},
volume    = {363},
pages     = {357-377},
}

@ARTICLE{BatesL96,
author  = {M. A. Bates and G. R. Luckhurst},
title   = {Computer simulation studies of anisotropic systems. XXVI. Monte Carlo investigations of
           a Gayâ€“Berne discotic at constant pressure},
journal = {J. Chem. Phys.},
year    = {1996},
volume  = {104},
pages   = {6696-6709}
}

@ARTICLE{Williams80,
author  = {D. E. Williams},
title   = {Calculated Energy and Conformation of Clusters of Benzene Molecules and Their Relationship to Crystalline Benzene},
journal = {Acta Cryst.},
year    = {1980},
volume  = {A36},
pages   = {715-723}
}


@Article{BogdanWC06,
  author = {Bogdan, T. V. and Wales, D. J. and Calvo, F.},
  title = {Equilibrium thermodynamics from basin-sampling (13 pages).},
  journal = {J. Chem. Phys.},
  year = {2006},
  volume = {124},
  pages = {044102}
}

@Article{BrownFH03,
  author = {S. Brown and N. J. Fawzi and T. Head-Gordon},
  journal = {\pnas},
  year = {2003},
  volume = {100},
  pages = {10712-10717}
}

@Article{LB204,
  author = {Lynden-Bell, D. and Lynden-Bell, R. M.},
  journal = {J. Stat. Phys.},
  year = {2004},
  volume = {117},
  pages = {199-209}
}

@Article{LB299a,
  author = {Lynden-Bell, D. and Lynden-Bell, R. M.},
  journal = {Proc. Roy. Soc. Lond. A},
  year = {1999},
  volume = {455},
  pages = {475-489}
}

@Article{LB299b,
  author = {Lynden-Bell, D. and Lynden-Bell, R. M.},
  journal = {Proc. Roy. Soc. Lond. A},
  year = {1999},
  volume = {455},
  pages = {3261-3284}
}

@Article{ZhouB03,
  author = {C. Zhou and R.N. Bhatt},
  title = {Understanding and Improving the Wang-Landau Algorithm},
  journal = {\pre},
  year = {2005},
  volume = {72},
  pages = {025701}
}

@Article{braierbw90,
  author = {Braier, P. A. and Berry, R. S. and Wales, D. J.},
  title = {How the range of pair interactions governs features of
  multidimensional potentials},
  journal = {\jcp},
  year = {1990},
  volume = {93},
  pages = {8745},
  category = {clusters}
}

@Article{doyew96a,
  author = {Doye, J. P. K. and Wales, D. J.},
  title = {THE EFFECT OF THE RANGE OF THE POTENTIAL ON THE STRUCTURE AND
  STABILITY OF SIMPLE LIQUIDS - FROM CLUSTERS TO BULK, FROM SODIUM TO C-60},
  journal = {J. Phys. B},
  year = {1996},
  volume = {29},
  pages = {4859-4894}
}

@Article{doyewb95,
  author = {Doye, J. P. K. and Wales, D. J. and Berry, R. S.},
  title = {THE EFFECT OF THE RANGE OF THE POTENTIAL ON THE STRUCTURES OF
  CLUSTERS},
  journal = {\jcp},
  year = {1995},
  volume = {103},
  pages = {4234-4249}
}

@Book{kittel76,
  author = {Kittel, C.},
  title = {Introduction to Solid State Physics},
  edition = {third},
  year = {1976},
  publisher = {Wiley},
  address = {New York}
}

@Article{lbfgs,
  author = {D. Liu and J. Nocedal},
  title = {On the limited memory BFGS method for large scale optimization},
  journal = {Math. Prog.},
  year = {1989},
  volume = {45},
  pages = {503-528}
}

@Article{pachecor97,
  author = {Pacheco, J. M. and Ramalho, J. P. P.},
  title = {First-principles determination of the dispersion interaction between
  fullerenes and their intermolecular potential},
  journal = {\prl},
  year = {1997},
  volume = {79},
  pages = {3873}
}

@Article{phillipscb91,
  author = {N. G. Phillips and C. W. S. Conover and L. A. Bloomfield},
  journal = {\jcp},
  year = {1991},
  volume = {94},
  pages = {4980}
}

@Article{sastryds98,
  author = {Sastry, S. and Debenedetti, P. G. and Stillinger, F. H.},
  title = {Signatures of distinct dynamical regimes in the energy landscape of
  a glass-forming liquid},
  journal = {\nat},
  year = {1998},
  volume = {393},
  pages = {554},
  category = {glasses}
}

@Article{suttonc90,
  author = {Sutton, A. P. and Chen, J.},
  title = {long-range Finnis-Sinclair potentials},
  journal = {Phil. Mag. Lett.},
  year = {1990},
  volume = {61},
  pages = {139}
}

@Article{tosif64,
  author = {Tosi, M. P. and Fumi, F. G.},
  journal = {J. Phys. Chem. Solids},
  year = {1964},
  volume = {25},
  pages = {45}
}

@Article{walesd97a,
  author = {D. J. Wales and J. P. K. Doye},
  title = {Global optimization by basin-hopping and the lowest energy
  structures of Lennard-Jones clusters containing up to 110 Atoms},
  journal = {J. Phys. Chem. A},
  year = {1997},
  volume = {101},
  pages = {5111}
}

@Article{wangl01,
  author = {F. Wang and D. P. Landau},
  journal = {\prl},
  year = {2001},
  volume = {86},
  pages = {2050}
}

@Article{welchld76,
  author = {D. O. Welch and O. W. Lazareth and G. J. Diens},
  journal = {\jcp},
  year = {1976},
  volume = {94},
  pages = {835}
}

@Article{murrellm90,
  author = {Murrell, J. N. and Mottram, R. E.},
  title = {potential energy functions for atomic solids},
  journal = {\molphys},
  year = {1990},
  volume = {69},
  pages = {571-585}
} 

@Article{murrellr90,
  author = {Murrell, J. N. and Rodriguez-Ruiz, J. A.},
  title = {potential energy functions for atomic solids 2. potential functions
  for diamond-like structures},
  journal = {\molphys},
  year = {1990},
  volume = {71},
  pages = {823-834}
} 
@Article{alderzijmr91,
  author = {Alderzi, A. R. and Johnston, R. L. and Murrell, J. N. and
  Rodrigez-Ruiz, J. A.},
  title = {potential energy functions for atomic solids. 3. fitting phonon
  spectra and elastic constants of diamond structures},
  journal = {\molphys},
  year = {1991},
  volume = {73},
  pages = {265-282}
}
@Article{eggenjlm92,
  author = {Eggen, B. E. and Johnston, R. L. and Li, S. and Murrell, J. N.},
  journal = {\molphys},
  year = {1992},
  volume = {76},
  pages = {1405}
}

@Article{fengjm93,
  author = {Feng, J.-Y. and Johnston, R. L. and Murrell, J. N.},
  journal = {\molphys},
  year = {1993},
  volume = {78},
  pages = {1405}
}

@Article{lovelljm00,
  author = {Lovell, S. C. and Word, J. M. and Richardson, J. S. and Richardson, D. C},
  journal = {Proteins},
  year = {2000},
  volume = {40},
  pages = {389}
}

@Article{Johnston03,
    author = {Johnston, Roy L.},
    doi = {10.1039/b305686d},
    issn = {1477-9226},
    journal = {Dalton Trans.},
    volume = {22},
    pages = {4193-4207},
    title = {Evolving better nanoparticles: Genetic algorithms for optimising cluster geometries},
    url = {http://dx.doi.org/10.1039/b305686d},
    year = {2003}
}

@Article{KimKS09,
  author = {Kim, Jaegil and Keyes, Thomas and Straub, John E.},
  title = {{Relationship between protein folding thermodynamics and the energy
  landscape}},
  journal = {Phys. Rev. E},
  year = {2009},
  volume = {79},
  number = {3},
  pages = {030902},
  publisher = {American Physical Society},
}

@article{OakleyWJ11Energy,
  author = {Oakley, Mark T. and Wales, David J. and Johnston, Roy L.},
  doi = {10.1021/jp207246m},
  issn = {1520-5207},
  journal = {J. Phys. Chem. B},
  number = {39},
  pages = {11525-11529},
  title = {{Energy Landscape and Global Optimization for a Frustrated Model Protein}},
  url = {http://dx.doi.org/10.1021/jp207246m},
  volume = {115},
  year = {2011}
}

@Article{MolineroM09,
author = {Molinero, Valeria and Moore, Emily B.},
title = {{Water Modeled As an Intermediate Element between Carbon and Silicon}},
journal = {J. Phys. Chem. B},
year = {2009},
volume = {113},
number = {13},
pages = {4008-4016},
publisher = {AMER CHEMICAL SOC},
}
